

@BOOK{anderson,
author = "H.C Anderson",
title = "The Little Mermaid",
publisher = " ",
year =  "1837",

}

@BOOK{shelly,
author = "M.Shelley",
title = "Frankenstein",
publisher = "Oxford University Press",
year =   "1818",
 
}
